@inproceedings{ghoniem2004comparison,
  author    = {Ghoniem, Mohammad and
      Fekete, Jean-Daniel and
      Castagliola, Philippe},
  title     = {A comparison of the readability of graphs using node-link and matrix-based representations},
  booktitle = {Proceedings of IEEE Symposium on Information Visualization},
  pages     = {17--24},
  doi       = {10.1109/INFVIS.2004.1},
  year      = {2004},
}

@article{Dirac1953888,
  title   = "The lorentz transformation and absolute time",
  journal = "Physica ",
  volume  = "19",
  number  = "1-â€“12",
  pages   = "888--896",
  year    = "1953",
  doi     = "10.1016/S0031-8914(53)80099-6",
  author  = "P.A.M. Dirac"
}

@article{Feynman1963118,
  title   = "The theory of a general quantum system interacting with a linear dissipative system",
  journal = "Annals of Physics ",
  volume  = "24",
  pages   = "118--173",
  year    = "1963",
  doi     = "10.1016/0003-4916(63)90068-X",
  author  = "R.P Feynman and F.L {Vernon Jr.}"
}
@Misc{svg,
note = {\url{http://bl.ocks.org/mjromper/95fef29a83c43cb116c3/} Accessed June 9, 2020},
title = {SVG Performance Test},
author = {Manuel Romero}
}
@Misc{canvas,
note = {\url{http://clockmaker.jp/labs/120202_html5_performance/canvas.html/} Accessed June 9, 2020},
title = {HTML5 Canvas Performance Test},
}
@article{DBLP:journals/tvcg/ChenGHPNXZ19,
  author    = {Wei Chen and
               Fangzhou Guo and
               Dongming Han and
               Jacheng Pan and
               Xiaotao Nie and
               Jiazhi Xia and
               Xiaolong Zhang},
  title     = {Structure-Based Suggestive Exploration: {A} New Approach for Effective
               Exploration of Large Networks},
  journal   = {{IEEE} Trans. Vis. Comput. Graph.},
  volume    = {25},
  number    = {1},
  pages     = {555--565},
  year      = {2019},
  url       = {https://doi.org/10.1109/TVCG.2018.2865139},
  doi       = {10.1109/TVCG.2018.2865139},
  timestamp = {Sat, 30 May 2020 19:47:52 +0200},
  biburl    = {https://dblp.org/rec/journals/tvcg/ChenGHPNXZ19.bib},
  bibsource = {dblp computer science bibliography, https://dblp.org}
}
@article{doncheva2012topological,
  title={Topological analysis and interactive visualization of biological networks and protein structures},
  author={Doncheva, Nadezhda T and Assenov, Yassen and Domingues, Francisco S and Albrecht, Mario},
  journal={Nature protocols},
  volume={7},
  number={4},
  pages={670},
  year={2012},
  publisher={Nature Publishing Group}
}
@article{DBLP:journals/tvcg/BostockOH11,
  author    = {Michael Bostock and
               Vadim Ogievetsky and
               Jeffrey Heer},
  title     = {D{\({^3}\)} Data-Driven Documents},
  journal   = {{IEEE} Trans. Vis. Comput. Graph.},
  volume    = {17},
  number    = {12},
  pages     = {2301--2309},
  year      = {2011},
  url       = {https://doi.org/10.1109/TVCG.2011.185},
  doi       = {10.1109/TVCG.2011.185},
  timestamp = {Wed, 14 Nov 2018 10:22:02 +0100},
  biburl    = {https://dblp.org/rec/journals/tvcg/BostockOH11.bib},
  bibsource = {dblp computer science bibliography, https://dblp.org}
}
@article{DBLP:journals/bioinformatics/FranzLHDSB16,
  author    = {Max Franz and
               Christian Tannus Lopes and
               Gerardo Huck and
               Yue Dong and
               Sel{\c{c}}uk Onur S{\"{u}}mer and
               Gary D. Bader},
  title     = {Cytoscape.js: a graph theory library for visualisation and analysis},
  journal   = {Bioinform.},
  volume    = {32},
  number    = {2},
  pages     = {309--311},
  year      = {2016},
  url       = {https://doi.org/10.1093/bioinformatics/btv557},
  doi       = {10.1093/bioinformatics/btv557},
  timestamp = {Mon, 26 Oct 2020 08:28:55 +0100},
  biburl    = {https://dblp.org/rec/journals/bioinformatics/FranzLHDSB16.bib},
  bibsource = {dblp computer science bibliography, https://dblp.org}
}
@article{DBLP:journals/vi/LiMSSZWZC18,
  author    = {Deqing Li and
               Honghui Mei and
               Yi Shen and
               Shuang Su and
               Wenli Zhang and
               Junting Wang and
               Ming Zu and
               Wei Chen},
  title     = {ECharts: {A} declarative framework for rapid construction of web-based
               visualization},
  journal   = {Vis. Informatics},
  volume    = {2},
  number    = {2},
  pages     = {136--146},
  year      = {2018},
  url       = {https://doi.org/10.1016/j.visinf.2018.04.011},
  doi       = {10.1016/j.visinf.2018.04.011},
  timestamp = {Mon, 02 Mar 2020 16:22:27 +0100},
  biburl    = {https://dblp.org/rec/journals/vi/LiMSSZWZC18.bib},
  bibsource = {dblp computer science bibliography, https://dblp.org}
}
@article{DBLP:journals/tvcg/SrinivasanPEB18,
  author    = {Arjun Srinivasan and
               Hyunwoo Park and
               Alex Endert and
               Rahul C. Basole},
  title     = {Graphiti: Interactive Specification of Attribute-Based Edges for Network
               Modeling and Visualization},
  journal   = {{IEEE} Trans. Vis. Comput. Graph.},
  volume    = {24},
  number    = {1},
  pages     = {226--235},
  year      = {2018},
  url       = {https://doi.org/10.1109/TVCG.2017.2744843},
  doi       = {10.1109/TVCG.2017.2744843},
  timestamp = {Wed, 14 Nov 2018 10:22:00 +0100},
  biburl    = {https://dblp.org/rec/journals/tvcg/SrinivasanPEB18.bib},
  bibsource = {dblp computer science bibliography, https://dblp.org}
}
@article{DBLP:journals/cgf/RenLH17,
  author    = {Donghao Ren and
               Bongshin Lee and
               Tobias H{\"{o}}llerer},
  title     = {Stardust: Accessible and Transparent {GPU} Support for Information
               Visualization Rendering},
  journal   = {Comput. Graph. Forum},
  volume    = {36},
  number    = {3},
  pages     = {179--188},
  year      = {2017},
  url       = {https://doi.org/10.1111/cgf.13178},
  doi       = {10.1111/cgf.13178},
  timestamp = {Mon, 17 Jul 2017 16:13:51 +0200},
  biburl    = {https://dblp.org/rec/journals/cgf/RenLH17.bib},
  bibsource = {dblp computer science bibliography, https://dblp.org}
}
@article{graphicslearn,
  title={Learn Pixi. js},
  author={Graphics, Create Great Interactive},
  publisher={Springer}
}
@article{DBLP:journals/tvcg/LiM20,
  author    = {Jianping Kelvin Li and
               Kwan{-}Liu Ma},
  title     = {{P5:} Portable Progressive Parallel Processing Pipelines for Interactive
               Data Analysis and Visualization},
  journal   = {{IEEE} Trans. Vis. Comput. Graph.},
  volume    = {26},
  number    = {1},
  pages     = {1151--1160},
  year      = {2020},
  url       = {https://doi.org/10.1109/TVCG.2019.2934537},
  doi       = {10.1109/TVCG.2019.2934537},
  timestamp = {Sat, 30 May 2020 19:48:00 +0200},
  biburl    = {https://dblp.org/rec/journals/tvcg/LiM20.bib},
  bibsource = {dblp computer science bibliography, https://dblp.org}
}



@article{DBLP:journals/jossw/Coene18,
  author    = {John{-}Philippe Coene},
  title     = {sigmajs: An {R} htmlwidget interface to the sigma.js visualization
               library},
  journal   = {J. Open Source Softw.},
  volume    = {3},
  number    = {28},
  pages     = {814},
  year      = {2018},
  url       = {https://doi.org/10.21105/joss.00814},
  doi       = {10.21105/joss.00814},
  timestamp = {Mon, 25 May 2020 09:12:01 +0200},
  biburl    = {https://dblp.org/rec/journals/jossw/Coene18.bib},
  bibsource = {dblp computer science bibliography, https://dblp.org}
}
@inproceedings{DBLP:conf/icwsm/BastianHJ09,
  author    = {Mathieu Bastian and
               Sebastien Heymann and
               Mathieu Jacomy},
  editor    = {Eytan Adar and
               Matthew Hurst and
               Tim Finin and
               Natalie S. Glance and
               Nicolas Nicolov and
               Belle L. Tseng},
  title     = {Gephi: An Open Source Software for Exploring and Manipulating Networks},
  booktitle = {Proceedings of the Third International Conference on Weblogs and Social
               Media, {ICWSM} 2009, San Jose, California, USA, May 17-20, 2009},
  publisher = {The {AAAI} Press},
  year      = {2009},
  url       = {http://aaai.org/ocs/index.php/ICWSM/09/paper/view/154},
  timestamp = {Thu, 13 Dec 2012 14:15:16 +0100},
  biburl    = {https://dblp.org/rec/conf/icwsm/BastianHJ09.bib},
  bibsource = {dblp computer science bibliography, https://dblp.org}
}
@article{DBLP:journals/tvcg/SatyanarayanMWH17,
  author    = {Arvind Satyanarayan and
               Dominik Moritz and
               Kanit Wongsuphasawat and
               Jeffrey Heer},
  title     = {Vega-Lite: {A} Grammar of Interactive Graphics},
  journal   = {{IEEE} Trans. Vis. Comput. Graph.},
  volume    = {23},
  number    = {1},
  pages     = {341--350},
  year      = {2017},
  url       = {https://doi.org/10.1109/TVCG.2016.2599030},
  doi       = {10.1109/TVCG.2016.2599030},
  timestamp = {Wed, 14 Nov 2018 10:22:03 +0100},
  biburl    = {https://dblp.org/rec/journals/tvcg/SatyanarayanMWH17.bib},
  bibsource = {dblp computer science bibliography, https://dblp.org}
}
@article{DBLP:journals/tvcg/SatyanarayanRHH16,
  author    = {Arvind Satyanarayan and
               Ryan Russell and
               Jane Hoffswell and
               Jeffrey Heer},
  title     = {Reactive Vega: {A} Streaming Dataflow Architecture for Declarative
               Interactive Visualization},
  journal   = {{IEEE} Trans. Vis. Comput. Graph.},
  volume    = {22},
  number    = {1},
  pages     = {659--668},
  year      = {2016},
  url       = {https://doi.org/10.1109/TVCG.2015.2467091},
  doi       = {10.1109/TVCG.2015.2467091},
  timestamp = {Wed, 14 Nov 2018 10:22:14 +0100},
  biburl    = {https://dblp.org/rec/journals/tvcg/SatyanarayanRHH16.bib},
  bibsource = {dblp computer science bibliography, https://dblp.org}
}
@inproceedings{DBLP:conf/ieeevast/BigelowNML19,
  author    = {Alex Bigelow and
               Carolina Nobre and
               Miriah Meyer and
               Alexander Lex},
  editor    = {Remco Chang and
               Daniel A. Keim and
               Ross Maciejewski},
  title     = {Origraph: Interactive Network Wrangling},
  booktitle = {14th {IEEE} Conference on Visual Analytics Science and Technology,
               {IEEE} {VAST} 2019, Vancouver, BC, Canada, October 20-25, 2019},
  pages     = {81--92},
  publisher = {{IEEE}},
  year      = {2019},
  url       = {https://doi.org/10.1109/VAST47406.2019.8986909},
  doi       = {10.1109/VAST47406.2019.8986909},
  timestamp = {Tue, 11 Aug 2020 14:39:34 +0200},
  biburl    = {https://dblp.org/rec/conf/ieeevast/BigelowNML19.bib},
  bibsource = {dblp computer science bibliography, https://dblp.org}
}
@inproceedings{DBLP:conf/candt/SmithSMRBDCPG09,
  author    = {Marc A. Smith and
               Ben Shneiderman and
               Natasa Milic{-}Frayling and
               Eduarda Mendes Rodrigues and
               Vladimir Barash and
               Cody Dunne and
               Tony Capone and
               Adam Perer and
               Eric Gleave},
  editor    = {John M. Carroll},
  title     = {Analyzing (social media) networks with NodeXL},
  booktitle = {Proceedings of the Fourth International Conference on Communities
               and Technologies, C{\&}T 2009, University Park, PA, USA, June
               25-27, 2009},
  pages     = {255--264},
  publisher = {{ACM}},
  year      = {2009},
  url       = {https://doi.org/10.1145/1556460.1556497},
  doi       = {10.1145/1556460.1556497},
  timestamp = {Tue, 06 Nov 2018 16:57:30 +0100},
  biburl    = {https://dblp.org/rec/conf/candt/SmithSMRBDCPG09.bib},
  bibsource = {dblp computer science bibliography, https://dblp.org}
}